1. Neuroscience evidence

@article{Cichy:2014ki,
author = {Cichy, Radoslaw Martin and Pantazis, Dimitrios and Oliva, Aude},
title = {{Resolving human object recognition in space and time}},
journal = {Nature Publishing Group},
year = {2014},
volume = {17},
number = {3},
pages = {455--462},
month = jan
}

@article{Rust:2010if,
author = {Rust, N C and DiCarlo, J J},
title = {{Selectivity and Tolerance ("Invariance") Both Increase as Visual Information Propagates from Cortical Area V4 to IT}},
journal = {Journal of Neuroscience},
year = {2010},
volume = {30},
number = {39},
pages = {12978--12995},
month = sep
}

@article{Kruger:gc,
author = {Kruger, Norbert and Janssen, Peter and Kalkan, Sinan and Lappe, Markus and Leonardis, Ales and Piater, Justus and Rodriguez-Sanchez, Antonio J and Wiskott, Laurenz},
title = {{Deep Hierarchies in the Primate Visual Cortex: What Can We Learn for Computer Vision?}},
journal = {IEEE Transactions on Pattern Analysis and Machine Intelligence},
year = {2013},
volume = {35},
number = {8},
pages = {1847--1871},
month = aug
}

=====================================

2. Inspiration of deep neural networks

@article{Szegedy:2013vw,
author = {Szegedy, Christian and Zaremba, Wojciech and Sutskever, Ilya and Bruna, Joan and Erhan, Dumitru and Goodfellow, Ian and Fergus, Rob},
title = {{Intriguing properties of neural networks}},
journal = {arXiv.org},
year = {2013},
eprint = {1312.6199v4},
eprinttype = {arxiv},
eprintclass = {cs.CV},
month = dec
}


@article{Anonymous:BiFNP5aJ,
author = {Zeiler, M D and Fergus, R},
title = {{Visualizing and Understanding Convolutional Neural Networks}},
journal = {arXiv.org},
year = {2013},
eprint = {9409214275998336198related:xkRqKIg-lIIJ},
eprinttype = {scholar}
}


@article{Zeiler:2011hy,
author = {Zeiler, M D and Taylor, G W and Fergus, R},
title = {{Adaptive deconvolutional networks for mid and high level feature learning}},
journal = {Computer Vision (ICCV {\ldots}},
year = {2011},
pages = {2018--2025}
}

====================================
3. Convolutional Neural Networks

@article{jia2014caffe,
  Author = {Jia, Yangqing and Shelhamer, Evan and Donahue, Jeff and Karayev, Sergey and Long, Jonathan and Girshick, Ross and Guadarrama, Sergio and Darrell, Trevor},
  Journal = {arXiv preprint arXiv:1408.5093},
  Title = {Caffe: Convolutional Architecture for Fast Feature Embedding},
  Year = {2014}
}

@booklet{Krizhevsky:2012wl,
title = {{ImageNet classification with deep convolutional neural networks}},
author = {Krizhevsky, A and Sutskever, I and Hinton, G E},
year = {2012}
}

Two keypoints in the VGG paper: 1) Depth of neural networks 2) no normalization layers
@article{Simonyan:2014ws,
author = {Simonyan, Karen and Zisserman, Andrew},
title = {{Very Deep Convolutional Networks for Large-Scale Image Recognition}},
journal = {arXiv.org},
year = {2014},
eprint = {1409.1556v1},
eprinttype = {arxiv},
eprintclass = {cs.CV},
month = sep
}

Google's GoogLeNet
@article{Szegedy:2014tb,
author = {Szegedy, Christian and Liu, Wei and Jia, Yangqing and Sermanet, Pierre and Reed, Scott and Anguelov, Dragomir and Erhan, Dumitru and Vanhoucke, Vincent and Rabinovich, Andrew},
title = {{Going Deeper with Convolutions}},
journal = {arXiv.org},
year = {2014},
eprint = {1409.4842v1},
eprinttype = {arxiv},
eprintclass = {cs.CV},
month = sep
}


====================================
4. Others:
@article{Felzenszwalb:2010ez,
author = {Felzenszwalb, P F and Girshick, R B and McAllester, D and Ramanan, D},
title = {{Object Detection with Discriminatively Trained Part-Based Models}},
journal = {Pattern Analysis and Machine Intelligence, IEEE Transactions on},
year = {2010},
volume = {32},
number = {9},
pages = {1627--1645}
}

====================================
5. Feedback network
@article{Stollenga:2014tl,
author = {Stollenga, Marijn and Masci, Jonathan and Gomez, Faustino and Schmidhuber, Juergen},
title = {{Deep Networks with Internal Selective Attention through Feedback Connections}},
journal = {arXiv.org},
year = {2014},
eprint = {1407.3068v1},
eprinttype = {arxiv},
eprintclass = {cs.CV},
month = jul
}

@article{lee2003hierarchical,
  title={Hierarchical Bayesian inference in the visual cortex},
  author={Lee, Tai Sing and Mumford, David},
  journal={JOSA A},
  volume={20},
  number={7},
  pages={1434--1448},
  year={2003},
  publisher={Optical Society of America}
}

@article{Mnih:2014ti,
author = {Mnih, Volodymyr and Heess, Nicolas and Graves, Alex and Kavukcuoglu, Koray},
title = {{Recurrent Models of Visual Attention}},
journal = {NIPS},
year = {2014},
month = jun
}
